@online{bib:internet,
  author                   = {Imię Nazwisko and Nazwisko, Imię},
  title                    = {Tytuł strony internetowej},
  year                     = {2021}, 
  url                      = {http://gdzies/w/internecie/internet.html},
  urldate                  = {2021-09-30}
}

@Book{bib:ksiazka,
  Title     = {Learning OpenCV: Computer Vision with the OpenCV Library},
  Author    = {Gary Bradski and Adrian Kaehler},
  Publisher = {O'Reilly Media},
  Year      = {2008},
  Address   = {United States of America, Sebastopol},
  ISBN      = {978-0-596-51613-0}
}


@Article{bib:artykul,
  Title                    = {Edge Detection Techniques-An Overvie},
  Author                   = {Ziou, Djemel and Tabbone, Salvatore},
  Journal                  = {Распознавание образов и анализ изображе\&\#1085 / Pattern Recognition and Image Analysis: Advances in Mathematical Theory and Applications},
  Year                     = {1998},
  Number                   = {4},
  Pages                    = {537-559},
  Volume                   = {8},
}

@Article{bib:artykul1,
  Title   = {Interrupts in The Microcontroller},
  Author  = {PRINCE KUMAR,  SHRIPAD G. DESAI},
  Journal = {IRE Journals},
  Year    = {2021},
  Volume  = {4},
  Number  = {4},
  Pages   = {166-169},
}

@Article{bib:artykul2,
  Title   = {Computer Vision for Color Detection},
  Author  = {Aditi Bajaj and Jyotsna Sharma},
  Journal = {International Journal of Innovative Research in Computer Science \& Technology (IJIRCST)},
  Year    = {2020},
  Pages   = {53-59},
}

% artykul konferencyjny
@InProceedings{bib:konferencja,
  Title                    = {PID CONTROLLER FOR A DIFFERENTIAL
STEERING MOBILE PLATFORM},
  Author                   = {Mihai Crenganis, Octavian Bologa},
  Booktitle                = {Konferencji ASTR},
  Year                     = {2015}, 
  Pages                    = {6}
}

@manual{bib:manualarduino,
  author = {B. Cottenceau},
  title = {Introduction to Arduino}
}

@manual{bib:manualLibcamera2,
  author = {Raspberry Pi Ltd},
  title = {The Picamera2 Library. A libcamera-based Python library for Raspberry Pi cameras}
}
